<collection xmlns="http://www.loc.gov/MARC21/slim">
<record>
  <leader>00650dz  a2200145n  4500</leader>
  <controlfield tag="001">11201737</controlfield>
  <controlfield tag="005">20200103064253.0</controlfield>
  <controlfield tag="008">191022n| azannaabn          |b aaa      </controlfield>
  <datafield tag="010" ind1=" " ind2=" ">
    <subfield code="a">n 2019063205</subfield>
  </datafield>
  <datafield tag="040" ind1=" " ind2=" ">
    <subfield code="a">DLC</subfield>
    <subfield code="b">eng</subfield>
    <subfield code="c">DLC</subfield>
    <subfield code="e">rda</subfield>
    <subfield code="d">DLC</subfield>
  </datafield>
  <datafield tag="100" ind1="1" ind2=" ">
    <subfield code="a">Kechina, E. A.</subfield>
  </datafield>
  <datafield tag="400" ind1="1" ind2=" ">
    <subfield code="a">Кечина, Е. А.</subfield>
  </datafield>
  <datafield tag="667" ind1=" " ind2=" ">
    <subfield code="a">Non-Latin script reference not evaluated</subfield>
  </datafield>
  <datafield tag="670" ind1=" " ind2=" ">
    <subfield code="a">Rezulʹtaty dozornogo ėpidemiologicheskogo nadzora po ot︠s︡enke situat︠s︡ii po VICh-infekt︠s︡ii sredi grupp naselenii︠a︡ s vysokim riskom infit︠s︡irovanii︠a︡ VICh, 2018:</subfield>
    <subfield code="b">cover (Кечина Е.А. = Kechina E.A.; doktor sot︠s︡iologicheskikh nauk, professor)</subfield>
  </datafield>
  <datafield tag="953" ind1=" " ind2=" ">
    <subfield code="a">fc70</subfield>
  </datafield>
</record>