
<record>
  <leader>00441dz  a2200133n  4500</leader>
  <controlfield tag="001">11257829</controlfield>
  <controlfield tag="005">20200103075340.0</controlfield>
  <controlfield tag="008">200103n| azannaabn          |n aaa      </controlfield>
  <datafield tag="010" ind1=" " ind2=" ">
    <subfield code="a">n 2020000208</subfield>
  </datafield>
  <datafield tag="040" ind1=" " ind2=" ">
    <subfield code="a">DLC</subfield>
    <subfield code="b">eng</subfield>
    <subfield code="e">rda</subfield>
    <subfield code="c">DLC</subfield>
  </datafield>
  <datafield tag="100" ind1="1" ind2=" ">
    <subfield code="a">Totaro, Raffaele,</subfield>
    <subfield code="d">1993-</subfield>
  </datafield>
  <datafield tag="370" ind1=" " ind2=" ">
    <subfield code="c">Italy</subfield>
    <subfield code="2">naf</subfield>
  </datafield>
  <datafield tag="377" ind1=" " ind2=" ">
    <subfield code="a">Males</subfield>
    <subfield code="2">lcdgt</subfield>
  </datafield>
  <datafield tag="670" ind1=" " ind2=" ">
    <subfield code="a">L&apos;arte di Eiichiro Oda, 2019:</subfield>
    <subfield code="b">title page (Raffaele Totaro) back cover (born 1993; bibliophile, student, and writer in his spare time)</subfield>
  </datafield>
</record>