
<record>
  <leader>00515dz  a2200169n  4500</leader>
  <controlfield tag="001">8299387</controlfield>
  <controlfield tag="005">20200103081301.0</controlfield>
  <controlfield tag="008">100602|| anannbabn          |n ana      </controlfield>
  <datafield tag="010" ind1=" " ind2=" ">
    <subfield code="a">sh2010108275</subfield>
  </datafield>
  <datafield tag="035" ind1=" " ind2=" ">
    <subfield code="a">(DLC)470630</subfield>
  </datafield>
  <datafield tag="035" ind1=" " ind2=" ">
    <subfield code="a">(DLC)sh2010108275</subfield>
  </datafield>
  <datafield tag="040" ind1=" " ind2=" ">
    <subfield code="a">DLC</subfield>
    <subfield code="b">eng</subfield>
    <subfield code="c">DLC</subfield>
  </datafield>
  <datafield tag="150" ind1=" " ind2=" ">
    <subfield code="a">Printing</subfield>
    <subfield code="x">History</subfield>
    <subfield code="x">Origin and antecedents</subfield>
    <subfield code="v">Early works to 1800</subfield>
  </datafield>
  <datafield tag="667" ind1=" " ind2=" ">
    <subfield code="a">Record generated for validation purposes.</subfield>
  </datafield>
  <datafield tag="670" ind1=" " ind2=" ">
    <subfield code="a">Work cat.: Plan du traité des origines typographiques, 1762</subfield>
  </datafield>
  <datafield tag="906" ind1=" " ind2=" ">
    <subfield code="t">8888</subfield>
    <subfield code="u">tc00</subfield>
    <subfield code="v">0</subfield>
  </datafield>
  <datafield tag="953" ind1=" " ind2=" ">
    <subfield code="a">tc00</subfield>
  </datafield>
</record>