
<record>
  <leader>00614dz  a2200145n  4500</leader>
  <controlfield tag="001">11256731</controlfield>
  <controlfield tag="005">20200103110513.0</controlfield>
  <controlfield tag="008">191231n| azannaabn          |a ana      </controlfield>
  <datafield tag="010" ind1=" " ind2=" ">
    <subfield code="a">n 2019074570</subfield>
  </datafield>
  <datafield tag="040" ind1=" " ind2=" ">
    <subfield code="a">DLC</subfield>
    <subfield code="b">eng</subfield>
    <subfield code="e">rda</subfield>
    <subfield code="c">DLC</subfield>
  </datafield>
  <datafield tag="110" ind1="2" ind2=" ">
    <subfield code="a">École pratique des hautes études (France).</subfield>
    <subfield code="b">Laboratoire de cartographie</subfield>
  </datafield>
  <datafield tag="410" ind1="2" ind2=" ">
    <subfield code="a">Laboratoire de cartographie (France)</subfield>
  </datafield>
  <datafield tag="410" ind1="2" ind2=" ">
    <subfield code="a">Laboratoire de cartographie de l&apos;École pratique des hautes études</subfield>
  </datafield>
  <datafield tag="410" ind1="2" ind2=" ">
    <subfield code="a">Management Kongo Development</subfield>
  </datafield>
  <datafield tag="670" ind1=" " ind2=" ">
    <subfield code="a">Tunisie distribution de la population, 1958?:</subfield>
    <subfield code="b">map recto (Laboratoire de cartographie de l&apos;École pratique des hautes études)</subfield>
  </datafield>
</record>