
<record>
  <leader>00329dz  a2200109n  4500</leader>
  <controlfield tag="001">11231693</controlfield>
  <controlfield tag="005">20200103130102.0</controlfield>
  <controlfield tag="008">191126n| azannaabn          |n aaa      </controlfield>
  <datafield tag="010" ind1=" " ind2=" ">
    <subfield code="a">n 2019069100</subfield>
  </datafield>
  <datafield tag="040" ind1=" " ind2=" ">
    <subfield code="a">DLC</subfield>
    <subfield code="b">eng</subfield>
    <subfield code="e">rda</subfield>
    <subfield code="c">DLC</subfield>
  </datafield>
  <datafield tag="100" ind1="1" ind2=" ">
    <subfield code="a">Bradley, Susan,</subfield>
    <subfield code="d">1956-</subfield>
    <subfield code="t">Understanding Hinduism (Essential Library (Firm))</subfield>
  </datafield>
  <datafield tag="670" ind1=" " ind2=" ">
    <subfield code="a">Understanding Hinduism, 2019.</subfield>
  </datafield>
</record>