
<record>
  <leader>01071dz  a2200205n  4500</leader>
  <controlfield tag="001">10093687</controlfield>
  <controlfield tag="005">20200103141923.0</controlfield>
  <controlfield tag="008">160228n| azannaabn          |a aaa     c</controlfield>
  <datafield tag="010" ind1=" " ind2=" ">
    <subfield code="a">no2016027088</subfield>
  </datafield>
  <datafield tag="035" ind1=" " ind2=" ">
    <subfield code="a">(OCoLC)oca10403189</subfield>
  </datafield>
  <datafield tag="040" ind1=" " ind2=" ">
    <subfield code="a">NjP</subfield>
    <subfield code="b">eng</subfield>
    <subfield code="e">rda</subfield>
    <subfield code="c">NjP</subfield>
    <subfield code="d">ViFGM</subfield>
  </datafield>
  <datafield tag="100" ind1="1" ind2=" ">
    <subfield code="a">Al-Sarhan, Saud</subfield>
  </datafield>
  <datafield tag="375" ind1=" " ind2=" ">
    <subfield code="a">male</subfield>
  </datafield>
  <datafield tag="377" ind1=" " ind2=" ">
    <subfield code="a">eng</subfield>
  </datafield>
  <datafield tag="400" ind1="1" ind2=" ">
    <subfield code="a">Sarhan, Saud Al-</subfield>
  </datafield>
  <datafield tag="400" ind1="1" ind2=" ">
    <subfield code="a">AlSarhan, Saud Saleh</subfield>
  </datafield>
  <datafield tag="400" ind1="1" ind2=" ">
    <subfield code="a">Sarhan Saleh, Saud Al-</subfield>
  </datafield>
  <datafield tag="670" ind1=" " ind2=" ">
    <subfield code="a">Rebuilding Yemen, 2015:</subfield>
    <subfield code="b">t.p. (Saud Al-Sarhan) page 174 (Director of Research and Head of the Contemporary Political Thought Unit at King Faisal Centre for Research and Islamic Studies; visiting fellow at Exeter University and the National Council on U.S.-Arab Relations)</subfield>
  </datafield>
  <datafield tag="670" ind1=" " ind2=" ">
    <subfield code="a">OCLC, viewed May 20, 2016</subfield>
    <subfield code="b">(access points: Al-Sarhan, Saud; Al-Sarhan, Saud Saleh)</subfield>
  </datafield>
  <datafield tag="670" ind1=" " ind2=" ">
    <subfield code="a">University of Exeter web site, viewed May 20, 2016</subfield>
    <subfield code="b">under Open Research Exeter (Al Sarhan, Saud Saleh; Saud Saleh AlSarhan [no space in surname]; Doctor of Philosophy in Arab and Islamic Studies)</subfield>
    <subfield code="u">https://ore.exeter.ac.uk/repository/handle/10036/3374</subfield>
  </datafield>
</record>