
<record>
  <leader>00682dz  a2200169n  4500</leader>
  <controlfield tag="001">7788105</controlfield>
  <controlfield tag="005">20200103142746.0</controlfield>
  <controlfield tag="008">090209n| acannaabn          |b aaa     c</controlfield>
  <datafield tag="010" ind1=" " ind2=" ">
    <subfield code="a">no2009019391</subfield>
  </datafield>
  <datafield tag="035" ind1=" " ind2=" ">
    <subfield code="a">(OCoLC)oca08009379</subfield>
  </datafield>
  <datafield tag="040" ind1=" " ind2=" ">
    <subfield code="a">PU-ME</subfield>
    <subfield code="b">eng</subfield>
    <subfield code="c">PU-ME</subfield>
  </datafield>
  <datafield tag="100" ind1="1" ind2=" ">
    <subfield code="a">Abū Ṣifṣāf, ʻAbd al-Karīm</subfield>
  </datafield>
  <datafield tag="400" ind1="1" ind2=" ">
    <subfield code="a">أبو صفصاف، عبد الكريم</subfield>
  </datafield>
  <datafield tag="400" ind1="1" ind2=" ">
    <subfield code="a">Abū Ṣafṣāf, ʻAbd al-Karīm</subfield>
  </datafield>
  <datafield tag="400" ind1="1" ind2=" ">
    <subfield code="a">Abū Ṣufṣāf, ʻAbd al-Karīm</subfield>
  </datafield>
  <datafield tag="670" ind1=" " ind2=" ">
    <subfield code="a">Ḥarakat Muḥammad ʻAbduh wa-ʻAbd al-Ḥamīd ibn Bādīs, 2007-2008:</subfield>
    <subfield code="b">v. 1, t.p. (عبد الكريم أبو صفصاف = ʻAbd al-Karīm Abū Ṣifṣāf)</subfield>
  </datafield>
  <datafield tag="667" ind1=" " ind2=" ">
    <subfield code="a">Non-Latin script reference not evaluated.</subfield>
  </datafield>
</record>