
<record>
  <leader>00738dz  a2200121n  4500</leader>
  <controlfield tag="001">11257970</controlfield>
  <controlfield tag="005">20200103143013.0</controlfield>
  <controlfield tag="008">200103n| azannaabn          |n aaa      </controlfield>
  <datafield tag="010" ind1=" " ind2=" ">
    <subfield code="a">n 2020000341</subfield>
  </datafield>
  <datafield tag="040" ind1=" " ind2=" ">
    <subfield code="a">DLC</subfield>
    <subfield code="b">eng</subfield>
    <subfield code="e">rda</subfield>
    <subfield code="c">DLC</subfield>
  </datafield>
  <datafield tag="100" ind1="1" ind2=" ">
    <subfield code="a">Holland, Mary K.</subfield>
  </datafield>
  <datafield tag="670" ind1=" " ind2=" ">
    <subfield code="a">The moral worlds of contemporary realism, 2020:</subfield>
    <subfield code="b">CIP title page (Mary K. Holland) acknowledgements (&quot;my home institution SUNY New Paltz&quot;; and her students)</subfield>
  </datafield>
  <datafield tag="670" ind1=" " ind2=" ">
    <subfield code="a">Online search 2020-01-03:</subfield>
    <subfield code="b">(Mary K. Holland  Professor, Department of English, State University of New York, New Paltz ; Ph.D. in English 2004 University of California, Los Angeles ; M.A. in English Language and Literature 1995 University of Maryland, College Park</subfield>
    <subfield code="u">http://newpaltz.academia.edu/MaryHolland/CurriculumVitae)</subfield>
  </datafield>
</record>