
<record>
  <leader>00411dz  a2200133n  4500</leader>
  <controlfield tag="001">3443475</controlfield>
  <controlfield tag="005">20200103144645.0</controlfield>
  <controlfield tag="008">870619n| acannaab           |n aad      </controlfield>
  <datafield tag="010" ind1=" " ind2=" ">
    <subfield code="a">n  87105480 </subfield>
  </datafield>
  <datafield tag="035" ind1=" " ind2=" ">
    <subfield code="a">(DLC)n  87105480</subfield>
  </datafield>
  <datafield tag="040" ind1=" " ind2=" ">
    <subfield code="a">DLC</subfield>
    <subfield code="c">DLC</subfield>
    <subfield code="d">DLC</subfield>
  </datafield>
  <datafield tag="100" ind1="1" ind2="0">
    <subfield code="a">Cruz, Ernesto F.</subfield>
  </datafield>
  <datafield tag="670" ind1=" " ind2=" ">
    <subfield code="a">nuc87-58645: His Simplified methods of analysis ... 1985</subfield>
    <subfield code="b">(hdg. on MiEM rept.: Cruz, Ernesto F.; usage: Ernesto F. Cruz)</subfield>
  </datafield>
  <datafield tag="953" ind1=" " ind2=" ">
    <subfield code="a">ns25</subfield>
  </datafield>
</record>