
<record>
  <leader>00495dz  a2200157n  4500</leader>
  <controlfield tag="001">2221268</controlfield>
  <controlfield tag="005">20200103144736.0</controlfield>
  <controlfield tag="008">951030n| acannaab           |n aaa     c</controlfield>
  <datafield tag="010" ind1=" " ind2=" ">
    <subfield code="a">no 95051431 </subfield>
  </datafield>
  <datafield tag="035" ind1=" " ind2=" ">
    <subfield code="a">(OCoLC)oca03948485 </subfield>
  </datafield>
  <datafield tag="035" ind1=" " ind2=" ">
    <subfield code="a">(DLC)no 95051431</subfield>
  </datafield>
  <datafield tag="040" ind1=" " ind2=" ">
    <subfield code="a">InU</subfield>
    <subfield code="c">InU</subfield>
  </datafield>
  <datafield tag="100" ind1="1" ind2="0">
    <subfield code="a">Nuʻaym, Nūrah ʻAbd Allāh al-ʻAlī</subfield>
  </datafield>
  <datafield tag="670" ind1=" " ind2=" ">
    <subfield code="a">al-Waḍʻ al-iqtiṣādī fī al-Jazīrah al-ʻArabīyah, 1992:</subfield>
    <subfield code="b">t.p. (Nūrah ʻAbd Allāh al-ʻAlī al-Nuʻaym)</subfield>
  </datafield>
  <datafield tag="953" ind1=" " ind2=" ">
    <subfield code="a">xx00</subfield>
  </datafield>
  <datafield tag="985" ind1=" " ind2=" ">
    <subfield code="c">OCLC</subfield>
    <subfield code="e">LSPC</subfield>
  </datafield>
</record>