
<record>
  <leader>00999dz  a2200193n  4500</leader>
  <controlfield tag="001">10899171</controlfield>
  <controlfield tag="005">20200103150149.0</controlfield>
  <controlfield tag="008">181106n| azannaabn          |b aaa     c</controlfield>
  <datafield tag="010" ind1=" " ind2=" ">
    <subfield code="a">no2018152332</subfield>
  </datafield>
  <datafield tag="035" ind1=" " ind2=" ">
    <subfield code="a">(OCoLC)oca11640463</subfield>
  </datafield>
  <datafield tag="040" ind1=" " ind2=" ">
    <subfield code="a">CtY-N</subfield>
    <subfield code="b">eng</subfield>
    <subfield code="e">rda</subfield>
    <subfield code="c">CtY-N</subfield>
  </datafield>
  <datafield tag="100" ind1="1" ind2=" ">
    <subfield code="a">Maḥmūd, ʻAbd al-Majīd</subfield>
    <subfield code="c">(Public prosecutor)</subfield>
  </datafield>
  <datafield tag="372" ind1=" " ind2=" ">
    <subfield code="a">Law</subfield>
    <subfield code="2">lcsh</subfield>
  </datafield>
  <datafield tag="374" ind1=" " ind2=" ">
    <subfield code="a">Public prosecutors</subfield>
    <subfield code="2">lcsh</subfield>
  </datafield>
  <datafield tag="375" ind1=" " ind2=" ">
    <subfield code="a">male</subfield>
  </datafield>
  <datafield tag="377" ind1=" " ind2=" ">
    <subfield code="a">ara</subfield>
  </datafield>
  <datafield tag="400" ind1="1" ind2=" ">
    <subfield code="a">محمود، عبد المجيد</subfield>
    <subfield code="c">(نائب عام)</subfield>
  </datafield>
  <datafield tag="667" ind1=" " ind2=" ">
    <subfield code="a">Non-Latin script reference not evaluated.</subfield>
  </datafield>
  <datafield tag="670" ind1=" " ind2=" ">
    <subfield code="a">Maḥmūd, ʻAbd al-Majīd (Public prosecutor). al-Muwājahah al-qānūnīyah li-ẓāhirat al-fasād, 2017:</subfield>
    <subfield code="b">title page (المستشار الدكتور عبد المجيد محمود = al-Mustashār al-Duktūr ʻAbd al-Majīd Maḥmūd) cover (المستشار الدكتور عبد المجيد محمود، النائب العام الأسبق = al-Mustashār al-Duktūr ʻAbd al-Majīd Maḥmūd, al-Nāʼib al-ʻĀmm al-asbaq)</subfield>
  </datafield>
</record>