
<record>
  <leader>00405dz  a2200121n  4500</leader>
  <controlfield tag="001">10296565</controlfield>
  <controlfield tag="005">20200103160726.0</controlfield>
  <controlfield tag="008">161031n| azannaabn          |n aaa      </controlfield>
  <datafield tag="010" ind1=" " ind2=" ">
    <subfield code="a">n 2016059298</subfield>
  </datafield>
  <datafield tag="040" ind1=" " ind2=" ">
    <subfield code="a">DLC</subfield>
    <subfield code="b">eng</subfield>
    <subfield code="e">rda</subfield>
    <subfield code="c">DLC</subfield>
  </datafield>
  <datafield tag="046" ind1=" " ind2=" ">
    <subfield code="f">19501123</subfield>
  </datafield>
  <datafield tag="100" ind1="1" ind2=" ">
    <subfield code="a">Mnjama, Nathan,</subfield>
    <subfield code="d">1950-</subfield>
  </datafield>
  <datafield tag="670" ind1=" " ind2=" ">
    <subfield code="a">Managing knowledge resources and records in modern organizations, 2017:</subfield>
    <subfield code="b">eCIP t.p. (Nathan Mnjama) data view screen (b. 11/23/1950)</subfield>
  </datafield>
</record>