
<record>
  <leader>00458dz  a2200145n  4500</leader>
  <controlfield tag="001">5736856</controlfield>
  <controlfield tag="005">20200103183543.0</controlfield>
  <controlfield tag="008">020822n| azannaabn          |n aba      </controlfield>
  <datafield tag="010" ind1=" " ind2=" ">
    <subfield code="a">n 2002041610</subfield>
  </datafield>
  <datafield tag="035" ind1=" " ind2=" ">
    <subfield code="a">(OCoLC)oca05846330</subfield>
  </datafield>
  <datafield tag="040" ind1=" " ind2=" ">
    <subfield code="a">DLC</subfield>
    <subfield code="b">eng</subfield>
    <subfield code="e">rda</subfield>
    <subfield code="c">DLC</subfield>
    <subfield code="d">Uk</subfield>
    <subfield code="d">DLC</subfield>
    <subfield code="d">InU</subfield>
  </datafield>
  <datafield tag="100" ind1="1" ind2=" ">
    <subfield code="a">Falkner, James</subfield>
  </datafield>
  <datafield tag="667" ind1=" " ind2=" ">
    <subfield code="a">Last identity on undifferentiated record; reported for deletion.</subfield>
  </datafield>
  <datafield tag="670" ind1=" " ind2=" ">
    <subfield code="a">Farm tenancies, 1997:</subfield>
    <subfield code="b">t.p. (James Falkner) BL AL sent 12 Nov. 2003</subfield>
  </datafield>
  <datafield tag="953" ind1=" " ind2=" ">
    <subfield code="a">lh08</subfield>
  </datafield>
</record>
</collection>
